@inproceedings{bag2016yet,
  title={Yet another note on block withholding attack on bitcoin mining pools},
  author={Bag, Samiran and Sakurai, Kouichi},
  booktitle={International Conference on Information Security},
  pages={167--180},
  year={2016},
  organization={Springer}
}

@article{rosenfeld2011analysis,
  title={Analysis of bitcoin pooled mining reward systems},
  author={Rosenfeld, Meni},
  journal={arXiv preprint arXiv:1112.4980},
  year={2011}
}

@inproceedings{kwon2017selfish,
  title={Be selfish and avoid dilemmas: Fork after withholding (faw) attacks on bitcoin},
  author={Kwon, Yujin and Kim, Dohyun and Son, Yunmok and Vasserman, Eugene and Kim, Yongdae},
  booktitle={Proceedings of the 2017 ACM SIGSAC Conference on Computer and Communications Security},
  pages={195--209},
  year={2017},
  organization={ACM}
}

@article{bag2017bitcoin,
  title={Bitcoin block withholding attack: Analysis and mitigation},
  author={Bag, Samiran and Ruj, Sushmita and Sakurai, Kouichi},
  journal={IEEE Transactions on Information Forensics and Security},
  volume={12},
  number={8},
  pages={1967--1978},
  year={2017},
  publisher={IEEE}
}

@inproceedings{schrijvers2016incentive,
  title={Incentive compatibility of bitcoin mining pool reward functions},
  author={Schrijvers, Okke and Bonneau, Joseph and Boneh, Dan and Roughgarden, Tim},
  booktitle={International Conference on Financial Cryptography and Data Security},
  pages={477--498},
  year={2016},
  organization={Springer}
}
